@article{kaliski2020overview,
  title={An overview of KLM-style defeasible entailment},
  author={Kaliski, Adam},
  year={2020}
}
